@article{Cawley2002e,
   author    = "Cawley, Gavin C. and Talbot, Nicola L. C.",
   title     = "Fast leave-one-out cross-validation of sparse least-squares
                support vector machines",
   journal   = "Neural Networks",
   volume    = 17,
   number    = 10,
   pages     = "1467--1475",
   month     = DEC,
   year      = 2004,
   note      = "(\doi{10.1016/j.neunet.2004.07.002},
                 \pubmed{15541948}). Also available from
                  \citeurl{http://theoval.cmp.uea.ac.uk/~gcc/publications}"
}

