%%
%% This is file `example.bib',
%% generated with the docstrip utility.
%%
%% The original source files were:
%%
%% adrconv.dtx  (with options: `bib,example')
%% Copyright (c) 2001 Axel Kielhorn
%% 
%% This file will generate fast loadable files from adrconv.dtx when
%% run through LaTeX or TeX.
%% 
%% This file is part of the adrconv bundle.
%% 
%% This file can be distributed and/or modified under the conditions of
%% the LaTeX Project Public License, either version 1.2 of the license
%% or (at you option) any later version.
%% The latest version of this license is in
%%   http://www.latex-procejt.org/lppl.txt
%% and version 1.2 or later ist part of all distributions of LaTeX
%% version 1999/12/01 or later.
%% 
%% The adrconv bundle consists at least of the files adrconv.dtx,
%% adrconv.ins and adrguide.tex.
%% 
%% You are NOT ALLOWED to change this file.
%% 
%% You are NOT ALLOWED to distribute this file without adrconv.dtx,
%% adrconv.ins or adrguide.tex.
@address{mustermann,
   name =    {Hans Mustermann},
   city =    {Heimstatt},
   zip =     01234,
   country = {D -},
   street =  {Einbahnstra{\ss}e 1},
   phone =   {01234 / 5 67 89},
   fax =     {01234 / 5 67 89},
   email =   {hm{@}work.com},
   note =    {Alles nur Erfindung},
}
@address{AxelK,
   name =      {Axel Kielhorn},
   city =      {Verden},
   zip =       27283,
   street =    {Lange Stra{\ss}e 17},
   phone =     {04231 / 12 34 56},
   fax =       {04231 / 65 34 21},
   email =     {a.kielhorn{@}web.de},
   key =       {Aki},
   note =      {Author of the modified addressen.bst},
   birthday =  {16.05.1967},
   nbirthday = 0516,
}
@address{RalfK,
   name =      {Ralf Kielhorn},
   city =      {Braunschweig},
   zip =       38116,
   street =    {Gro{\ss}e Stra{\ss}e 17},
   phone =     {0531 / 12 34 56},
   key =       {Rki},
   birthday =  {05.08.1969},
   nbirthday = 0805,
}
@address{SabineK,
   name =      {Sabine Kielhorn},
   city =      {Oldenburg},
   zip =       26133,
   street =    {Fraunhoferstra{\ss}e 21},
   phone =     {0441 / 12 34 56},
   key =       {Ski},
   birthday =  {13.11.1970},
   nbirthday = 1113,
}
