@Misc{berry1999a,
  author = 	 {Berry, K.},
  title = 	 {Fontname},
  month = 	 {March},
  year = 	 1999,
  note = 	 {\url{ftp://ftp.dante.de/tex-archive/info/fontname/}},
  language =  {english}
}

@Misc{rakityansky,
  author = 	 {Rakityansky, Damir},
  title = 	 {Using {TrueType} with {TeX} {(LaTeX)} and {pdfTeX} 
                  {(pdfLaTeX)}},
  note = 	 {\url{http://www.radamir.com/tex/ttf-tex.htm}},
  language =  {english}
}

@Misc{quy2000a,
  author = 	 {Qu{\'y}, Nguy{\^e}n-Dai},
  title = 	 {TrueType with teTEX : Quick and Dirty},
  year = 	 2000,
  note = 	 {\url{http://iris.ltas.ulg.ac.be/viettug/contrib/q/}},
  language =  {english}
}

@Misc{smith2001a,
  author = 	 {Hume Smith},
  title = 	 {Kwantus' {TTF/teTeX} notes},
  year = 	 2001,
  note = 	 {\url{http://geocities.com/kwantus/ttf.html}},
  language =  {english}
}
