%% start of file `jdoe_publications.bib'.
%% Copyright 2006 Xavier Danaux.
%
% This work may be distributed and/or modified under the
% conditions of the LaTeX Project Public License version 1.3c,
% available at http://www.latex-project.org/lppl/.


@BOOK{Parkin2005,
  author = {Scott Pakin},
  title = {The Comprehensive \LaTeX{} Symbol List},
  year = {2005},
}

@BOOK{Bird1987,
  title = {Dynamics of polymeric liquids},
  publisher = {John Wiley \& Sons, New York},
  year = {1987},
  author = {R. Byron Bird and C. F. Curtiss and Robert C. Armstrong and Ole Hassager},
}

@ARTICLE{DesCloizeaux1988,
  author = {J. Des~Cloizeaux},
  title = {Double reptation vs simple reptation in polymer melts},
  journal = {J.~Europhys.~Lett.},
  year = {1988},
  volume = {5},
  pages = {437-442},
}

@ARTICLE{deGennes1971,
  author = {P. G. de~Gennes},
  title = {Reptation of a polymer chain in the presence of fixed obstacles},
  journal = {J. Chem. Phys},
  year = {1971},
  volume = {55},
  pages = {572-579},
}

@BOOK{Doi1986,
  title = {The theory of polymer dynamics},
  publisher = {Oxford University Press},
  year = {1986},
  author = {Masao Doi and S. F. Edwards},
}


%% end of file `jdoe_publications.bib'.