@MISC{minitoc,
      TITLE="The {\texttt{minitoc}} package",
      AUTHOR="Drucbert, Jean-Pierre F.",
      ADDRESS="{\texttt{drucbert@onera.fr}}",
      NOTE="{\url{CTAN:macros/latex/contrib/minitoc/minitoc.pdf}}",
      MONTH=jan,
      YEAR=2007}

@MISC{fminitoc,
      TITLE="Le paquetage {\texttt{minitoc}}",
      AUTHOR="Drucbert, Jean-Pierre F.",
      ADDRESS="{\texttt{drucbert@onera.fr}}",
      NOTE="{\url{CTAN:macros/latex/contrib/minitoc/fminitoc.pdf}}",
      MONTH=jan,
      YEAR=2007}

@MISC{shorttoc,
      TITLE="The {\texttt{shorttoc}} package",
      AUTHOR="Drucbert, Jean-Pierre F.",
      ADDRESS="{\texttt{drucbert@onera.fr}}",
      NOTE="{\url{CTAN:macros/latex/contrib/shorttoc/shorttoc.dtx}}",
      MONTH=aug,
      YEAR=2002}

@BOOK{dark,
      TITLE="{Against a Dark Background}",
      AUTHOR="Banks, Iain Menzies",
      PUBLISHER="Bantam Books",
      ISBN="0553292240 (pb)",
      YEAR=1993}
