%% -*-bibtex-*-
@STRING{tugboat	= {TUGboat} }
@STRING{beiprogramm	= {{\TeX}-Beiprogramm} }
@STRING{bretter	= {Bretter, die die Welt bedeuten} }
@STRING{dtk		= {{D}ie {\TeX}nische {K}om{\"o}die} }
@STRING{editorial	= {Editorial} }
@STRING{fremdebuehne	= {Von fremden B{\"u}hnen} }
@STRING{fundus		= {Aus dem Fundus} }
@STRING{hinterbuehne	= {Hinter der B{\"u}hne} }
@STRING{leserbrief	= {Leserbrief(e)} }
@STRING{magazin	= {Magazin} }
@STRING{rezension	= {Rezensionen} }
@STRING{schonimmer	= {Was Sie schon immer {\"u}ber {\TeX} wissen wollten \dots} }
@STRING{theaterkasse	= {Von der Theaterkasse} }
@STRING{theatertage	= {{\TeX}-Theatertage} }

@Book{PSTricks2,
  author	= {Herbert Vo\ss},
  title		= {{\PST} {G}rafik f\"ur \TeX{} und \LaTeX},
  edition	= {third},
  publisher	= {DANTE -- Lehmanns},
  year		= {2006},
  address	= {Heidelberg/Hamburg}
}

@Book{companion04,
  author	= {Frank Mittelbach and Michel Goosens et al},
  title		= {The {\LaTeX} {G}raphics {C}ompanion},
  edition	= {second},
  publisher	= {Addison-Wesley Publishing Company},
  year		= {2004},
  address	= {Boston}
}

@Book{begleiter05,
  author	= {Frank Mittelbach and Michel Goosens et al},
  title		= {Der  {\LaTeX} {B}egleiter},
  edition	= {zweite},
  publisher	= {Pearson Education},
  year		= {2005},
  address	= {München}
}

@Book{unbound,
  author	= {Alan Hoenig},
  title		= {\TeX{} {U}nbound: \LaTeX{} \& \TeX{} {S}trategies, {F}onts, {G}raphics, and {M}ore},
  publisher	= {Oxford University Press},
  year		= {1998},
  address	= {London}
}
@Article{	  dtk02.2:jackson.voss:plot-funktionen,
  author	= {Laura E. Jackson and Herbert Vo{\ss}},
  title		= {Die Plot-Funktionen von {\texttt{pst-plot}}},
  journal	= dtk,
  year		= 2002,
  volume	= {2/02},
  altvolume	= 2,
  altnumber	= 14,
  month		= jun,
  pages		= {27--34},
  annote	= bretter,
  keywords	= {},
  abstract	= { Im letzten Heft wurden die mathematischen Funktionen von
		  \PS~im Zusammenhang mit dem {\LaTeX}-Paket
		  \texttt{pst-plot} zum Zeichnen von Funktionen beschrieben
		  und durch Beispiele erl{\"a}utert. In diesem Teil werden
		  die bislang nur erw{\"a}hnten Plot-Funktionen f{\"u}r
		  externe Daten behandelt. }
}

@Article{	  dtk02.1:voss:mathematischen,
  author	= {Herbert Vo{\ss}},
  title		= {Die mathematischen {F}unktionen von {P}ost{S}cript},
  journal	= dtk,
  year		= 2002,
  volume	= {1/02},
  altvolume	= 1,
  altnumber	= 14,
  month		= mar,
  pages		= {},
  annote	= bretter,
  keywords	= {},
  abstract	= { \PS, faktisch genauso alt wie {\TeX}, ist im
		  Verh{\"a}ltnis dazu allgemein noch weniger bekannt, wenn es
		  darum geht zu beurteilen, was es denn nun im eigentlichen
		  Sinne ist. Au{\ss}erdem wird h{\"a}ufig vergessen, dass
		  sich mit den \PS-Funktionen viele Dinge erledigen lassen,
		  bei denen sonst auf externe Programme zur{\"u}ckgegriffen
		  wird. Dies wird im Folgenden f{\"u}r die mathematischen
		  Funktionen im Zusammenhang mit dem Paket \texttt{pst-plot}
		  gezeigt. }
}

@Book{companion,
  author	= {Michel Goosens and Frank Mittelbach and Alexander
		  Samarin},
  title		= {The {\LaTeX} {G}raphics {C}ompanion},
  publisher	= {{Addison-Wesley Publishing Company}},
  year		= {1997},
  address	= {Reading, Mass.}
}

@Book{voss:chaos,
  author	= {Herbert Vo{\ss}},
  title		= {Chaos und {F}raktale selbst programmieren: von {M}andelbrotmengen {\"u}ber {F}arbmanipulationen zur perfekten Darstellung},
  publisher	= {{Franzis Verlag}},
  year		= {1994},
  address	= {Poing}
}

@Article{girou:01:,
  author	= {Denis Girou},
  title		= {Pr\'esentation de {PST}ricks},
  journal	= {Cahier {GUT}enberg},
  year		= 1994,
  volume	= {16},
  month		= apr,
  pages		= {21-70}
}

@Article{girou:02:,
  author	= {{Timothy Van} Zandt and Denis Girou},
  title		= {Inside {PST}ricks},
  journal	= TUGboat,
  year		= 1994,
  volume	= {15},
  month		= sep,
  pages		= {239-246}
}

@Book{PostScript,
  Author         = {Kollock, Nikolai G.},
  Title          = {PostScript richtig eingesetzt: vom {K}onzept zum
                   praktischen {E}insatz},
  Publisher      = {IWT},
  Address        = {Vaterstetten},
  year           = 1989,
}

@Manual{pstricks,
  Title          = {PSTricks - {\PS} macros for generic {\TeX}},
  Author         = {{Timothy Van} Zandt},
  Organization   = {},
  Address        = {\url{http://www.tug.org/application/PSTricks}},
  Note           = {},
  year           = 1993
}

@Manual{pst-plot,
  Title          = {\texttt{pst-plot}: Plotting two dimensional functions and data},
  Author         = {{Timothy Van} Zandt},
  Organization   = {},
  Address        = {\url{CTAN:graphics/pstricks/generic/pst-plot.tex}},
  Note           = {},
  year           = 1999
}

@Manual{multido,
  Title          = {\texttt{multido.tex} - a loop macro, that supports fixed-point addition},
  Author         = {{Timothy Van} Zandt},
  Organization   = {},
  Address        = {\url{CTAN:/graphics/pstricks/generic/multido.tex}},
  Note           = {},
  year           = 1997
}

@MISC{xkeyval,
  author       = {Hendri Adriaens},
  title        = {xkeyval package},
  howpublished = {\url{CTAN:/macros/latex/contrib/xkeyval}},
  year         = 2004
}

@book{voss06,
  Title	= {\LaTeX{} in {N}aturwissenschaften \&{} {M}athematik},
  Author = {Herbert Vo\ss},
  Publisher = {Franzis Verlag},
  Edition=	{first},
  Address= {München},
  Year= {2006},
}
