%%
%% This is file `camel.bib',
%% generated with the docstrip utility.
%%
%% The original source files were:
%%
%% camel.dtx  (with options: `bib')
%% 
%% This file is part of the Camel package.
%% ---------------------------------------
%% This is a generated file.
%% 
%% IMPORTANT NOTICE:
%% 
%% You are not allowed to change this file.  You may however copy
%% this file to a file with a different name and then change the
%% copy if (a) you do not charge for the modified code, (b) you
%% acknowledge Camel and its author(s) in the new file, if it
%% is distributed to others, and (c) you attach these same
%% conditions to the new file.
%% 
%% The above conditions do not apply to the demonstration
%% file test.tex.
%% 
%% You are not allowed to distribute this file alone.  You are not
%% allowed to take money for the distribution or use of this file
%% (or a changed version) except for a nominal charge for copying
%% etc.
%% 
%% You are allowed to distribute this file under the condition that
%% it is distributed with all of its contents, intact.
%% 
%% For error reports, or offers to help make Camel a more powerful,
%% friendlier, and better package, please contact me on
%% `fb' at soas.ac.uk
%% 
@string{asr..="Am.~Soc.\ Rev."}
@book{bluebook,
 title = {A Uniform System of Citation},
 edition = {19th},
 year = 1989
}
@book{knuth,
 title = {The {\TeX} book},
 year = 1990,
 author = {D.E. Knuth}
}
@book{leunen,
 author = {M.-C. van Leunen},
 title = {A Handbook for Scholars},
 year = 1979
}
@book{latex-book,
 title = {\LaTeX: a document preparation system},
 year = 1994,
 author = {Leslie Lamport}
}
@inbook{companion-bibs,
 title = {Bibliography Generation},
 chapter = 13,
 pages = {371},
 crossref = {latex-companion}
}
@book{latex-companion,
 author = {M. Goosens and Frank Mittelbach and A. Samarin},
 title = {The \LaTeX\ Companion},
 booktitle = {The \LaTeX\ Companion},
 year = 1994
}
@techreport{oren-user,
 author = {Oren Patashnik},
 title = {\BibTeX ing},
 year = 1988,
 type = {CTAN document}
}
@techreport{oren-hackers,
 author = {Oren Patashnik},
 title = {Designing \BibTeX\ Styles},
 type = {CTAN document},
 year = 1988
}
@book{maki-constitution,
 author = {Maki, John McGilvrey},
 title = {Court and Constitution in Japan: Selected Supreme Court Decisions,
       1948-1960},
 publisher = {Washington University Press},
 year = 1964
}
@booklet{sansom-constitution,
 author = {Sansom, {Sir} George Bailey},
 title = {The First Japanese Constitution: A Lecture},
 note = {delivered before the
       Asiatic Society of Japan},
 year = 1938
}
@article{macauley,
 author = {Stuart Macauley},
 title = {Non-Contractual Relations
in Business: A Preliminary Study},
 volume = {28},
 journal = asr..,
 pages = {55},
 year = {1963}
}
@mastersthesis{homma-derivative,
 title = {The Derivative Suit under Japanese Law as a Measure of
                  Corporate Governance},
 author = {Masahiro Homma},
 institution = {School of Oriental and African Studies},
 type = {LL.M. thesis},
 year = {1994}
}
@case{bradshaw-v-us,
 title = {Bradshaw v United States},
 cites = {231 Ct.Cl. 144 (1982) = 683 F.2d 365 (1982)}
}
@incollection{haley-land-lease,
 title = {Japan's New Land and House Lease Law},
 author = {John Owen Haley},
 crossref = {policy-failure},
 pages = 149,
}
@book{policy-failure,
 title = {Land Issues in Japan: A Policy Failure?},
 booktitle = {Land Issues in Japan: A Policy Failure?},
 year = 1992
}
@article{appleyard-heed,
 author = {Bryan Appleyard},
 title = {Why Major should heed the press},
 pages = 21,
 journal = {The Independent},
 year = {7 jul 1995},
 place = {London}
}
@statute{sga,
 title = {Sale of Goods Act},
 year = {1979},
 jurisdiction = {england}
}
@case{heap,
 title = {Heap v Motorists' Advisory Agency Ltd},
 year = 1923,
 journal = {KB},
 number = 1,
 pages = 577
}
@case{halsall-v-brizell,
 title = {Halsall v Brizell},
 cites = {[1957] Ch 169 = [1957] 1 All ER 371}
}
\endinput
%%
%% End of file `camel.bib'.
