
@UNPUBLISHED{bibtex.a,
   author = "Oren Patashnik",
   title = "{{\BibTeX ing}}",
   note = "Documentation for general {\BibTeX} users",
   month = "8$^{th}$~" # feb,
   language = "USenglish",
   year = 1988, }

@UNPUBLISHED{bibtex.b,
   author = "Oren Patashnik",
   title = "Designing {\BibTeX} Styles",
   note = "The part of \BibTeX's documentation
                                        that's not meant for general users",
   month = "8$^{th}$~" # feb,
   language = "USenglish",
   year = 1988, }

@BOOK{texbook,
   author = "Donald E. Knuth",
   title= "The {{\tex}book}",
   publisher = "Addison-Wesley Publishing Company",
   address = "Reading, Massachusetts",
   language = "USenglish",
   year = 1984 }

@BOOK{lamport,
   author = "Leslie Lamport",
   title = "{\LaTeX \rm:} {A} Document Preparation System",
   publisher = "Addison-Wesley Publishing Company",
   address = "Reading, Massachusetts",
   language = "USenglish",
   year = 1986 }

@BOOK{kopka,
   language = "german",
  author = "Helmut Kopka",
  title = "{\LaTeX} --- Eine Einf{\"{u}}hrung",
   publisher = "Addison-Wesley (Deutschland) GmbH",
  address = "Bonn; Reading, Massachusetts",
  year = 1988,
  note = "Das deutsche Standardwerk {\"{u}}ber {\latex}",
  }

@UNPUBLISHED{partl,
  language = "german",
  author = "Hubert Partl",
  address = "Technische Universit{\"{a}}t Wien",
  title = "{\normalshape\tt german.sty} --- Version 2.3d",
  month = "21.~" # nov,
  year = 1990,
  note = "Erh{\"{a}}ltlich {\"{u}}ber DANTE (Deutsche Anwendervereinigung 
             {\TeX} e.\,\,V.): Bitnet server {\tt LISTSERV@DHDURZ1}",
}
