%% -*-bibtex-*-
@STRING{tugboat	= {TUGboat} }
@STRING{dtk	= {{D}ie {\TeX}nische {K}om{\"o}die} }

@Book{companion,
  author	= {Michel Goosens and Frank Mittelbach and Alexander
		  Samarin},
  title		= {The {\LaTeX} {G}raphics {C}ompanion},
  publisher	= {{Addison-Wesley Publishing Company}},
  year		= {1997},
  address	= {Reading, Mass.}
}

@Article{girou:01:,
  author	= {Denis Girou},
  title		= {Pr\'esentation de {PST}ricks},
  journal	= {Cahier {GUT}enberg},
  year		= 1994,
  volume	= {16},
  month		= apr,
  pages		= {21-70}
}

@Article{girou:02:,
  author	= {{Timothy van} Zandt and Denis Girou},
  title		= {Inside {PST}ricks},
  journal	= TUGboat,
  year		= 1994,
  volume	= {15},
  month		= sep,
  pages		= {239-246}
}

@Book{PostScript,
  Author         = {Kollock, Nikolai G.},
  Title          = {Post{S}cript richtig eingesetzt: vom {K}onzept zum
                   praktischen {E}insatz},
  Publisher      = {IWT},
  Address        = {Vaterstetten},
  year           = 1989,
}

@Manual{pstricks,
  Title          = {PSTricks - {\PS} macros for generic {\TeX}},
  Author         = {{Timothy van} Zandt},
  Organization   = {},
  Address        = {\url{http://www.tug.org/application/PSTricks}},
  Note           = {},
  year           = 1993
}

@Manual{pst-eps,
  Title          = {\texttt{pst-eps}: Exporting eps images},
  Author         = {{Timothy van} Zandt},
  Organization   = {},
  Address        = {\url{CTAN:graphics/pstricks/generic/}},
  Note           = {},
  year           = 1999
}

@Manual{multido,
  Title          = {\texttt{multido.tex} - a loop macro, that supports fixed-point addition},
  Author         = {{Timothy van} Zandt},
  Organization   = {},
  Address        = {\url{CTAN:/graphics/pstricks/generic/multido.tex}},
  Note           = {},
  year           = 1997
}

@Book{PSTricks2,
  author	= {Herbert Vo\ss{}},
  title		= {\texttt{PSTricks} -- {G}rafik f\"ur \TeX{} und \LaTeX},
  edition	= {third},
  publisher	= {DANTE -- Lehmanns},
  year		= {2006},
  address	= {Heidelberg/Hamburg}
}

@Manual{pst-code,
  Title          = {{PST}ricks - {\PS} macros for {G}eneric \TeX, {D}ocumented {Code}},
  Author         = {Timothy {V}an Zandt},
  Organization   = {},
  Address        = {\url{CTAN:/graphics/pstricks/obsolete/doc/src/pst-code.tex}},
  Note           = {},
  year           = 1997,
}

@Manual{references,
  Title          = {References for {\TeX{}} and {F}riends},
  Author         = {Michael Wiedmann},
  Organization   = {},
  Address        = {\url{http://www.miwie.org/tex-refs/}},
  Note           = {},
  year           = 2004,
}

@Manual{keyval,
  Title          = {The \texttt{keyval} - package},
  Author         = {D. P. Carlisle and S. P. Q. Rahtz},
  Organization   = {},
  Address        = {\url{CTAN:/macros/latex/required/graphics/keyval.dtx}},
  Note           = {},
  year           = 2001,
}

@Manual{xkeyval,
  Title          = {The \texttt{xkeyval} - package},
  Author         = {Hendri Adriaens},
  Organization   = {},
  Address        = {\url{CTAN:/macros/latex/contrib/xkeyval/}},
  Note           = {},
  year           = 2004,
}

@Manual{darmstadt,
  Title          = {{\PST} - mehr als nur ein alter Hut},
  Author         = {Rolf Niepraschk and Herbert Vo{\ss}},
  Organization   = {{DANTE} 2004 in {D}armstadt},
  Address        = {\url{http://PSTricks.de/docs/Darmstadt2004.pdf}},
  Note           = {},
  year           = 2004,
}

@Manual{pst-node,
  Title          = {The \texttt{pst-plot} - package},
  Author         = {{Timothy Van} Zandt},
  Organization   = {},
  Address        = {\url{CTAN: /graphics/pstricks/generic/}},
  Note           = {},
  year           = 2004,
}

@Manual{pstricks-add,
  Title          = {The \texttt{pstricks-add} - package},
  Author         = {Herbert Vo{\ss}},
  Organization   = {},
  Address        = {\url{CTAN: /graphics/pstricks/contrib/pstricks-add/}},
  Note           = {},
  year           = 2004,
}

@Article{dtk02.2:jackson.voss,
  author	= {Laura E. Jackson and Herbert Vo{\ss}},
  title		= {Die Plot-Funktionen von {\texttt{pst-plot}}},
  journal	= dtk,
  year		= 2002,
  volume	= {2/02},
  altvolume	= 2,
  altnumber	= 14,
  month		= jun,
  pages		= {27--34},
  annote	= bretter,
  keywords	= {},
  abstract	= { Im letzten Heft wurden die mathematischen Funktionen von
		  \PS~im Zusammenhang mit dem {\LaTeX}-Paket
		  \texttt{pst-plot} zum Zeichnen von Funktionen beschrieben
		  und durch Beispiele erl{\"a}utert. In diesem Teil werden
		  die bislang nur erw{\"a}hnten Plot-Funktionen f{\"u}r
		  externe Daten behandelt. }
}

@Article{tugboat:vossjh:01,
  author	= {Herbert Vo{\ss} and Jana Vo\ss},
  title		= {The plot functions of \texttt{pst-plot}},
  journal	= {TUGboat},
  year		= {2001},
  volume	= {22-4},
  month		= dec,
  pages		= {314-318}
}

@Article{tugboat:voss:01,
  author	= {Herbert Vo\ss},
  title		= {Three dimensional plots with \texttt{pst-3dplot}},
  journal	= {TUGboat},
  year		= {2001},
  volume	= {22-4},
  month		= dec,
  pages		= {319}
}

@Article{rahtz:96-1,
  author	= {Sebastian Rahtz},
  title		= {An introduction to {PST}ricks, part {I}},
  journal	= {Baskerville},
  address       = {\url{CTAN: /usergrps/uktug/baskervi/}},
  year		= 1996,
  volume	= 6,
  number	= 1,
  month		= feb,
  pages		= {22-34}
}
@Article{rahtz:96-2,
  author	= {Sebastian Rahtz},
  title		= {An introduction to {PST}ricks, part {II}},
  journal	= {Baskerville},
  address       = {\url{CTAN: /usergrps/uktug/baskervi/}},
  year		= 1996,
  volume	= 6,
  number	= 2,
  month		= apr,
  pages		= {23-33}
}

